0000022091505005        CMX5265019CAISSE WALLONNE ASSUR     GKCCBEBB   00409089679 00000                                       2
12017BE73068889784360                  EUR0000000000000000210915CAISSE WALLONNE           COMPTE CLASSIC                     017
21000400010001400000030        1000000001091480310315605030001127250314313BE520190409089679                  91019631031500911 0
220004000114520034891203201401         610520034 - PRELEV DU 00ANBP1141-610520034                 GEBABEBB                   1 0
2300040001BE60001685440270                  EURDEPUTTE ANITA                      /00/xxxx-- DETAIL VOIR PRENOTIFICATION3MD060 1
31000400020001400000030        605030001001DEPUTTE ANITA                                                                     1 0
3200040002RUE MONTGOLFIER, 696                62800 LIEVIN                                                                   0 0
3100010002B5G27PGUFS72EZIK     001500001001CHARLIER GONTRAND                                                                 1 0
8140BE80000000104777                  EUR0000000000000000270715                                                                0
9               000006000000000600000000000000600000                                                                           2




