0000022091505005        CMX5265019CAISSE WALLONNE ASSUR     GKCCBEBB   00409089679 00000                                       2
12017BE73068889784360                  EUR0000000000000000210915CAISSE WALLONNE           COMPTE CLASSIC                     017
2100020001081969M060837        0000000004146220220915505500001127220915320BE520190409089679                  91019622091501701 0
220002000191002036650311201401         6910Z0057 - PRELEV DU 22ANDX1153-6910Z0057                 GKCCBEBB                   1 0
2300020001BE29776590406664                     DELPIERRE VALERIE                  /XX/XXXX - DETAIL VOIR PRENOTIFICATION0    0 0
3100010002B5G27PGUFS72EZIK     001500001001DUPONT MAXIME                                                                     1 0
3200010002RUE DE LA HOUSSIERE, 1             5370 HAVELANGE                     Belgique                                     0 0
3100010002B5G27PGUFS72EZIK     001500001001CHARLIER GONTRAND                                                                 1 0
8140BE80000000104777                  EUR0000000000000000270715                                                                0
9               000006000000000600000000000000600000                                                                           2
