0000022091505005        CMX5265019CAISSE WALLONNE ASSUR     GKCCBEBB   00409089679 00000                                       2
12017BE73068889784360                  EUR0000000000000000210915CAISSE WALLONNE           COMPTE CLASSIC                     017
21000200010001500000079        1000000000077700240915605030001127220915112BE520190409089679                  91019824091503201 0
220002000160729250561804201401         860729250 - PRELEV DU 22ANBP1153-860729250                 NICABEBB                   1 0
2300020001BE87103031430694                  EURGAILLARD MELANIE                   /00/XXXX - DETAIL VOIR PRENOTIFICATION2MS030 1
31000200020001500000079        605030001001GAILLARD MELANIE                                                                  1 0
3200020002RENOUPREZ, 829                      4654 CHARNEUX                                                                  0 0
3100010002B5G27PGUFS72EZIK     001500001001CHARLIER GONTRAND                                                                 1 0
8140BE80000000104777                  EUR0000000000000000270715                                                                0
9               000006000000000600000000000000600000                                                                           2




